@misc{kmeanswiki,
  author       = {{Wikipedia contributors}},
  title        = {K-means clustering},
  year         = {2024},
  note         = {Acessado em 15 de maio de 2025},
  url          = {https://en.wikipedia.org/wiki/K-means_clustering}
}

@misc{scikit,
  author       = {{Scikit-learn developers}},
  title        = {Scikit-learn documentation},
  year         = {2025},
  note         = {Acessado em 18 de maio de 2025},
  url          = {https://scikit-learn.org/stable/modules/clustering.html}
}

@book{goodfellow,
  author       = {Ian Goodfellow and Yoshua Bengio and Aaron Courville},
  title        = {Deep Learning},
  year         = {2016},
  publisher    = {MIT Press},
  url          = {http://alvarestech.com/temp/deep/Deep%20Learning%20by%20Ian%20Goodfellow,%20Yoshua%20Bengio,%20Aaron%20Courville%20(z-lib.org).pdf}
}

@misc{unsupervised,
  author       = {{Codemax Team}},
  title        = {Introduction to Unsupervised Learning: Clustering},
  year         = {2025},
  note         = {Acessado em 18 de maio de 2025},
  url          = {https://codemax.app/snippet/introduction-to-unsupervised-learning-clustering}
}

@misc{cmdlinetips,
  author       = {Cmdlinetips},
  title        = {PCA Example in Python with scikit-learn},
  year         = {2018},
  note         = {Publicado em 18 de mar√ßo de 2018. Acessado em 18 de maio de 2025},
  url          = {https://cmdlinetips.com/2018/03/pca-example-in-python-with-scikit-learn/}
}

@misc{pjoy,
  author       = {P. Joy, Arsha},
  title        = {Real-World Applications of the K-Means Algorithm in Data Science},
  year         = {2025},
  note         = {Publicado em 18 de fevereiro de 2025. Acessado em 13 de maio de 2025},
  url          = {https://www.skillcamper.com/blog/real-world-applications-of-the-k-means-algorithm-in-data-science}
}
